@article{wu2019towards,
  title     = {Towards smart and reconfigurable environment: Intelligent reflecting surface aided wireless network},
  author    = {Wu, Qingqing and Zhang, Rui},
  journal   = IEEE_M_COM,
  volume    = {58},
  number    = {1},
  pages     = {106--112},
  month     = jan,
  year      = {2020},
  publisher = {IEEE}
}

@article{lee2016channel,
  title     = {Channel estimation via orthogonal matching pursuit for hybrid {MIMO} systems in millimeter wave communications},
  author    = {Lee, Junho and Gil, Gye-Tae and Lee, Yong H},
  journal   = IEEE_J_COM,
  volume    = {64},
  number    = {6},
  pages     = {2370--2386},
  month     = jun,
  year      = {2016},
  publisher = {IEEE}
}
